%% This BibTeX bibliography file was created using BibDesk.
%% http://bibdesk.sourceforge.net/

%% Created for Norberto Moreno Quiben at 2020-05-18 11:58:15 +0200 


%% Saved with string encoding Unicode (UTF-8) 



@book{Zagona2006Sintaxis-genera,
	Address = {Madrid},
	Author = {Zagona, Karen T.},
	Date-Added = {2020-05-18 11:44:02 +0200},
	Date-Modified = {2020-05-18 11:44:30 +0200},
	Keywords = {Sintaxis; curso-2017; manuals},
	Publisher = {Visor},
	Title = {Sintaxis generativa del espa{\~n}ol},
	Year = {2006}}

@book{Zagona2002The-syntax-of-S,
	Address = {New York},
	Annote = {LDR    01507cam  2200325 a 4500
001    12378165
005    20170328102431.0
008    010412s2002    nyu      bi   001 0 eng  
906    $a7$bcbc$corignew$d1$eocip$f20$gy-gencatlg
925 0  $aacquire$b1 shelf copy$xpolicy default
925 0  $aacquire$b1 shelf copy$xpolicy default
925 1  $aacquire$b2 shelf copies$xpolicy default
955    $ato HLCD pc22 04-12-01; lc00 04-17-01; lc20/lc09 04-17-01 (desc.) to lc01 04-30-01; lc01 (subj.) 05-02-01; lc03 to Dewey 05-03-01; aa05 05-03-01$aps15 2002-03-05 bk rec'd, to CIP ver.$glc03 2002-03-12 to BCCD$ala26 2002-05-03(c.2)
010    $a  2001035092
020    $a0521571774
040    $aDLC$cDLC$dDLC
042    $apcc
050 00 $aPC4361$b.Z34 2002
082 00 $a465$221
100 1  $aZagona, Karen T.,$d1951-
245 14 $aThe syntax of Spanish /$cKaren Zagona.
260    $aNew York :$bCambridge University Press,$c2002.
300    $axii, 286 p. ;$c24 cm.
440  0 $aCambridge syntax guides
504    $aIncludes bibliographical references (p. 273-280) and index.
650  0 $aSpanish language$xSyntax.
856 41 $3Sample text$uhttp://www.loc.gov/catdir/samples/cam031/2001035092.html
856 42 $3Publisher description$uhttp://www.loc.gov/catdir/description/cam021/2001035092.html
856 41 $3Table of contents$uhttp://www.loc.gov/catdir/toc/cam024/2001035092.html
856 42 $3Contributor biographical information$uhttp://www.loc.gov/catdir/enhancements/fy0731/2001035092-b.html
},
	Author = {Zagona, Karen T.},
	Date-Added = {2020-05-18 11:26:23 +0200},
	Date-Modified = {2020-05-18 11:27:15 +0200},
	Isbn = {0521571774},
	Keywords = {curso-2017; Sintaxis; manuals},
	Library-Id = {2001035092},
	Publisher = {Cambridge University Press},
	Title = {The syntax of Spanish},
	Url = {http://www.loc.gov/catdir/samples/cam031/2001035092.html},
	Year = {2002},
	Bdsk-Url-1 = {http://www.loc.gov/catdir/samples/cam031/2001035092.html}}

@book{Elvira2015Linguistica-his,
	Annote = {LDR    01556cam  2200409 i 4500
001    18600842
005    20160309103703.0
008    150408s2015    sp a     b    000 0 spa c
906    $a7$bcbc$cpccadap$d3$encip$f20$gy-gencatlg
925 0  $aacquire$b1 shelf copy$xpolicy default
955    $bbe13 2015-05-29 z-processor$ibe07 2015-06-04$ebe07 2015-06-04 to BCCD (telework)
010    $a  2015426231
020    $a9788490770894$q(paperback)
020    $a8490770891$q(paperback)
035    $a(OCoLC)ocn905346694
040    $aHCD$beng$cHCD$erda$dCOD$dDLC
042    $apcc
050 00 $aP140$b.E48 2015
100 1  $aElvira, Javier,$eauthor.
245 10 $aLing{\"u}{\'i}ística hi{\'o}tórica y cambio gramatical /$cJavier Elvira.
264  1 $aMadrid :$bEditoria{\'i} Síntesis,$c2015.
300    $a292 pages :$billustrations ;$c23 cm.
336    $atext$2rdacontent
337    $aunmediated$2rdamedia
338    $avolume$2rdacarrier
490 1  $aClaves de la {\"u}{\'i}ngüística
504    $aIncludes bibliographical references (pages 287-292).
650  0 $aHistorical linguistics.
650  0 $aLinguistic change.
650  0 $aLinguistic analysis (Linguistics)
650  0 $aGrammar, Comparative and general.
650  7 $aLinguistic change.$2fast$0(OCoLC)fst00999167
650  7 $aLinguistic analysis (Linguistics)$2fast$0(OCoLC)fst00999166
830  0 $aClaves de l{\"u}{\'i}lingüística.
856 42 $3Publisher description$uhttps://www.loc.gov/catdir/enhancements/fy1610/2015426231-d.html
923    $d20150422$n194939$sSP-BaPL
985    $eVENDOR LOAD
},
	Author = {Elvira, Javier},
	Call-Number = {P140},
	Date-Added = {2020-05-18 11:24:51 +0200},
	Date-Modified = {2020-05-18 11:27:35 +0200},
	Genre = {Historical linguistics},
	Keywords = {curso-2017; manuals; Historical linguistics},
	Publisher = {S{\'i}ntesis},
	Series = {Claves de la ling{\"u}{\'i}ística},
	Title = {Ling{\"u}{\'i}ística hi{\'o}tórica y cambio gramatical},
	Url = {https://www.loc.gov/catdir/enhancements/fy1610/2015426231-d.html},
	Year = {2015}}

@book{Elvira2009Evolucion-lingu,
	Address = {Bern},
	Annote = {LDR    01152cam  2200301 a 4500
001    16217785
005    20100709133726.0
008    100505s2009    sz a     b    001 0 spa d
906    $a7$bcbc$ccopycat$d2$encip$f20$gy-gencatlg
925 0  $aacquire$b1 shelf copy$xpolicy default
955    $brg10 2010-05-05 z-processor$irg10 2010-05-13 (Telework) to Dewey$aBarcode 00306469381 returned from bindery 2010-07-09
010    $a  2010293204
020    $a9783034303231 (pbk.)
020    $a3034303238 (pbk.)
035    $a(OCoLC)ocn475438932
040    $aBTCTA$beng$cBTCTA$dOHX$dVA@$dUBY$dDLC
042    $alccopycat
050 00 $aPC4380$b.E485 2009
100 1  $aElvira, Javier.
245 10 $aEvoluci{\'o}́n lin{\"u}{\'i}̈ística y cambio s{\'a}ntáctico /$cJavier Elvira.
260    $aBern ;$aNew York :$bPeter Lang,$cc2009.
300    $a289 p. :$bill. ;$c22 cm.
490 0  $aFondo {\'a}ispánico de{\"u}{\'i}ingüística y {\'i}ilología ;$vvol. 1
504    $aIncludes bibliographical references (p. 259-281) and index.
650  0 $aSpanish language$xSyntax.
650  0 $aSpanish language$xStyle.
650  0 $aLinguistic change.
650  0 $aLinguistic analysis (Linguistics)
},
	Author = {Elvira, Javier},
	Call-Number = {PC4380},
	Date-Added = {2020-05-18 11:24:47 +0200},
	Date-Modified = {2020-05-18 11:27:47 +0200},
	Genre = {Spanish language},
	Keywords = {curso-2017; Historical linguistics},
	Library-Id = {2010293204},
	Publisher = {Peter Lang},
	Title = {Evoluci{\'o}́n lin{\"u}{\'i}̈ística y cambio s{\'a}ntáctico},
	Year = {2009}}

@article{Moreno-Fernandez2019Dialect,
	Author = {Moreno-Fern{\'a}ndez, Francisco and Dumitrescu, Domnita},
	Date-Added = {2020-05-18 11:23:07 +0200},
	Date-Modified = {2020-05-18 11:28:07 +0200},
	Journal = {Journal of Spanish Language Teaching},
	Keywords = {curso-2017; Dictionary; Lexicography; Linguistics; Variation},
	Number = {2},
	Pages = {232--248},
	Title = {Dialect variation as reflected in the Diccionario de la lengua espa{\~n}ola: ideological and pedagogical implications},
	Volume = {6},
	Year = {2019}}

@book{Almeida-Cabrejas2019Aprendizaje-y-E,
	Author = {Almeida-Cabrejas, Bel{\'e}n and Gumiel-Molina, Silvia and S{\'a}nchez-Bellido, Sara},
	Date-Added = {2020-02-02 12:12:33 +0100},
	Date-Modified = {2020-02-02 12:14:17 +0100},
	Keywords = {curso-2017; Education},
	Publisher = {S{\'i}ntesis},
	Title = {Aprendizaje y Ense{\~n}anza de La Lengua castellana y La Literatura},
	Year = {2019}}

@book{RAE-ASALE2020Glosario-de-Ter,
	Author = {{RAE-ASALE}},
	Date-Added = {2020-02-02 12:06:51 +0100},
	Date-Modified = {2020-02-02 12:06:51 +0100},
	Keywords = {Grammar; prescriptive; RAE; Education; curso-2017},
	Publisher = {Ediciones Universidad de Salamanca},
	Title = {Glosario de T{\'e}rminos Gramaticales},
	Year = {2020}}

@article{RAE-ASALE2020INFORME-DE-LA-R,
	Author = {{RAE-ASALE}},
	Date-Added = {2020-02-02 11:49:30 +0100},
	Date-Modified = {2020-02-02 11:49:30 +0100},
	File = {Espa{\~n}ola (RAE) - 2020 - INFORME DE LA REAL ACADEMIA ESPA{\~N}OLA sobre el uso .pdf:/Users/norberto/Zotero/storage/BNVNZGDB/Espa{\~n}ola (RAE) - 2020 - INFORME DE LA REAL ACADEMIA ESPA{\~N}OLA sobre el uso .pdf:application/pdf;Snapshot:/Users/norberto/Zotero/storage/TJ9WURZQ/397.html:text/html},
	Journal = {Bolet{\'i}n de Informaci{\'o}n Ling{\"u}{\'i}stica de la Real Academia Espa{\~n}ola},
	Keywords = {Inclusiveness; gender; curso-2017; prescriptive; RAE},
	Language = {es},
	Month = jan,
	Number = {0},
	Pages = {5--207},
	Title = {{INFORME} {DE} {LA} {REAL} {ACADEMIA} {ESPA{\~N}OLA} sobre el uso del lenguaje inclusivo en la {Constituci{\'o}n} {Espa{\~n}ola}, elaborado a petici{\'o}n de la {Vicepresidenta} del {Gobierno}},
	Url = {http://revistas.rae.es/bilrae/article/view/397},
	Urldate = {2020-02-02},
	Volume = {14},
	Year = {2020},
	Bdsk-File-1 = {YnBsaXN0MDDSAQIDBFxyZWxhdGl2ZVBhdGhZYWxpYXNEYXRhXxA/Li4vLi4vLi4vLi4vc2Nob29sL0JpYkRlc2tEb2NzL1JBRS1BU0FMRTIwMjBJTkZPUk1FLURFLUxBLVIucGRmTxEBuAAAAAABuAACAAAMTWFjaW50b3NoIEhEAAAAAAAAAAAAAAAAAAAAAAAAAEJEAAH/////H1JBRS1BU0FMRTIwMjBJTkZPUiNGRkZGRkZGRi5wZGYAAAAAAAAAAAAAAAAAAAAAAAAAAAAAAAAAAAAAAAAAAP////8AAAAAAAAAAAAAAAAABAADAAAKIGN1AAAAAAAAAAAAAAAAAAtCaWJEZXNrRG9jcwAAAgBMLzpVc2Vyczpub3JiZXJ0bzpEcm9wYm94OnNjaG9vbDpCaWJEZXNrRG9jczpSQUUtQVNBTEUyMDIwSU5GT1JNRS1ERS1MQS1SLnBkZgAOAEIAIABSAEEARQAtAEEAUwBBAEwARQAyADAAMgAwAEkATgBGAE8AUgBNAEUALQBEAEUALQBMAEEALQBSAC4AcABkAGYADwAaAAwATQBhAGMAaQBuAHQAbwBzAGgAIABIAEQAEgBKVXNlcnMvbm9yYmVydG8vRHJvcGJveC9zY2hvb2wvQmliRGVza0RvY3MvUkFFLUFTQUxFMjAyMElORk9STUUtREUtTEEtUi5wZGYAEwABLwAAFQACAA///wAAAAgADQAaACQAZgAAAAAAAAIBAAAAAAAAAAUAAAAAAAAAAAAAAAAAAAIi},
	Bdsk-Url-1 = {http://revistas.rae.es/bilrae/article/view/397}}

@incollection{Mendivil-Giro2010Por-debajo-de-l,
	Abstract = {(Written in Spanish) This approach to the notion of word is anti-lexicalist but does not share the typical conclusion that words are epiphenomena. Quite the contrary, this contribution places the word as a central and distinctive feature of human},
	Address = {Zaragoza},
	Author = {Mend{\'i}vil-Gir{\'o}, Jos{\'e} Luis},
	Booktitle = {La gram{\'a}tica del sentido: l{\'e}xico y sintaxis en la encrucijada},
	Date-Added = {2019-09-08 18:11:56 +0200},
	Date-Modified = {2019-09-08 18:11:56 +0200},
	Editor = {Val {\'A}lvaro, J. F and Horno Ch{\'e}liz, Mar{\'i}a del Carmen},
	Keywords = {morphology, Interfaces, curso-2017},
	Language = {en},
	Pages = {181-224},
	Publisher = {Prensas Universitarias de Zaragoza},
	Title = {Por debajo de la palabra, silencio. {La} sintaxis como interfaz y la naturaleza del l{\'e}xico},
	Year = {2010}}

@book{Payrato2018Introduccion-a-,
	Address = {Madrid},
	Author = {Payrat{\'o}, Llu{\'i}s},
	Date-Added = {2019-09-05 13:28:48 +0200},
	Date-Modified = {2019-09-05 13:29:47 +0200},
	Isbn = {978-84-9171-205-3},
	Keywords = {curso-2017, pragmatics},
	Publisher = {Editorial S{\'i}ntesis},
	Series = {({Claves} de la ling{\"u}{\'i}stica)},
	Shorttitle = {Introducci{\'o}n a la pragm{\'a}tica},
	Title = {Introducci{\'o}n a la pragm{\'a}tica: una perspectiva sobre el lenguaje en acci{\'o}n},
	Year = {2018}}

@book{Munoz-Basols2017Introduccion-a-,
	Author = {Mu{\~n}oz-Basols, Javier and Moreno, Nina and Taboada, Inma and Lacorte, Manel},
	Call-Number = {PC4073},
	Date-Added = {2019-06-08 10:26:30 +0200},
	Date-Modified = {2019-06-08 10:28:07 +0200},
	Dewey-Call-Number = {460},
	Genre = {Spanish language},
	Keywords = {curso-2017, linguistics, education},
	Publisher = {Routledge},
	Title = {Introducci{\'o}n a la ling{\"u}{\'i}stica hisp{\'a}nica actual: teor{\'i}a y pr{\'a}ctica},
	Url = {http://hispaniclinguistics.com/},
	Year = {2017},
	Bdsk-Url-1 = {http://hispaniclinguistics.com/}}

@book{Camacho2018Introduccion-a-,
	Abstract = {"Written in Spanish by an experienced instructor, this textbook introduces students with no prior background in linguistics to the syntax of Spanish, exploring the building blocks of complex linguistic expressions. Variations across Spanish are highlighted and varieties spoken by bilinguals are included. New concepts are clearly presented through a gradual progression from simpler to more complex concepts, with definitions of key terms highlighted in boxes. Recent theoretical developments are presented in a theory-neutral framework, offering students a balanced perspective. Chapter learning objectives, numerous detailed examples, and summaries, enable students to build a solid knowledge and understanding of syntactic ideas from scratch. Both advanced and introductory exercises are included in every chapter, allowing students at all levels to put concepts into practice. Further reading suggestions, and expansion boxes highlight more complex developments, providing students with a platform for further exploration. This is an essential resource for introductory courses on Spanish syntax and linguistics"--},
	Address = {New York},
	Author = {Camacho, Jos{\'e}},
	Date-Added = {2019-06-08 10:21:23 +0200},
	Date-Modified = {2019-06-08 10:21:23 +0200},
	Isbn = {978-1-107-19219-5},
	Keywords = {Spanish language, Syntax, curso-2017},
	Publisher = {Cambridge University Press},
	Title = {Introducci{\'o}n a la sintaxis del espa{\~n}ol},
	Year = {2018}}

@book{Hualde2010Introduccion-a-,
	Address = {Cambridge, UK ; New York},
	Author = {Hualde, Jos{\'e} Ignacio and Olarrea, Antxon and Escobar, Ana Mar{\'i}a and Travis, Catherine E.},
	Date-Added = {2019-06-08 10:21:16 +0200},
	Date-Modified = {2019-06-08 10:21:16 +0200},
	Edition = {2nd ed},
	Isbn = {978-0-521-51398-2},
	Keywords = {Spanish language, curso-2017},
	Note = {OCLC: ocn422765033},
	Publisher = {Cambridge University Press},
	Title = {Introducci{\'o}n a la ling{\"u}{\'i}stica hisp{\'a}nica},
	Year = {2010},
	Bdsk-File-1 = {YnBsaXN0MDDSAQIDBFxyZWxhdGl2ZVBhdGhZYWxpYXNEYXRhXxA7Li4vLi4vLi4vLi4vc2Nob29sL0JpYkRlc2tEb2NzLzIwMTBJbnRyb2R1Y2Npb24tYS1sYS1saS5wZGZPEQGoAAAAAAGoAAIAAAxNYWNpbnRvc2ggSEQAAAAAAAAAAAAAAAAAAAAAAAAAQkQAAf////8cMjAxMEludHJvZHVjY2lvbi1hLWxhLWxpLnBkZgAAAAAAAAAAAAAAAAAAAAAAAAAAAAAAAAAAAAAAAAAAAAAA/////wAAAAAAAAAAAAAAAAAEAAMAAAogY3UAAAAAAAAAAAAAAAAAC0JpYkRlc2tEb2NzAAACAEgvOlVzZXJzOm5vcmJlcnRvOkRyb3Bib3g6c2Nob29sOkJpYkRlc2tEb2NzOjIwMTBJbnRyb2R1Y2Npb24tYS1sYS1saS5wZGYADgA6ABwAMgAwADEAMABJAG4AdAByAG8AZAB1AGMAYwBpAG8AbgAtAGEALQBsAGEALQBsAGkALgBwAGQAZgAPABoADABNAGEAYwBpAG4AdABvAHMAaAAgAEgARAASAEZVc2Vycy9ub3JiZXJ0by9Ecm9wYm94L3NjaG9vbC9CaWJEZXNrRG9jcy8yMDEwSW50cm9kdWNjaW9uLWEtbGEtbGkucGRmABMAAS8AABUAAgAP//8AAAAIAA0AGgAkAGIAAAAAAAACAQAAAAAAAAAFAAAAAAAAAAAAAAAAAAACDg==}}

@book{Mendivil-Giro2015El-cambio-linguistic,
	Address = {Madrid},
	Author = {Mend{\'i}vil-Gir{\'o}, Jos{\'e} Luis},
	Date-Added = {2019-05-31 13:12:50 +0200},
	Date-Modified = {2019-09-05 13:20:50 +0200},
	Isbn = {978-84-9077-210-2},
	Keywords = {Direction in language, Language and languages, Linguistic analysis (Linguistics), Linguistic change, Linguistics, Spanish language, Variation},
	Note = {OCLC: ocn927413689},
	Publisher = {Editorial S{\'i}ntesis},
	Series = {Claves de la linguistica},
	Shorttitle = {El cambio ling{\"u}{\'i}stico},
	Title = {El cambio ling{\"u}{\'i}stico: sus causas, mecanismos y consecuencias},
	Year = {2015}}

@book{Cameron2019Feminismo,
	Address = {Madrid},
	Author = {Cameron, Deborah},
	Date-Added = {2019-05-07 11:27:41 +0200},
	Date-Modified = {2019-05-07 11:29:19 +0200},
	Publisher = {Alianza Editorial},
	Title = {Feminismo},
	Year = {2019}}

@book{Pustejovsky2019The-lexicon,
	Author = {Pustejovsky, James and Batiukova, Olga},
	Date-Added = {2019-04-22 10:15:12 +0200},
	Date-Modified = {2019-04-22 10:18:33 +0200},
	Isbn = {9780521839327 (Hardback)},
	Publisher = {Cambridge University Press},
	Series = {Cambridge Textbooks in Linguistics},
	Title = {The lexicon},
	Year = {2019}}

@book{Kiesling2019Language-gender,
	Author = {Kiesling, Scott F.},
	Call-Number = {P96.S48},
	Date-Added = {2019-04-22 10:13:11 +0200},
	Date-Modified = {2019-04-22 10:14:18 +0200},
	Dewey-Call-Number = {408.6/6},
	Genre = {Communication},
	Isbn = {9781138487710 (hardback)},
	Library-Id = {2018048742},
	Publisher = {Routledge,},
	Series = {Routledge guides to linguistics},
	Title = {Language, gender, and sexuality: an introduction},
	Year = {2019}}

@article{De-la-Calle2018El-conocimiento,
	Author = {De la Calle, Ana Mar{\'i}a and Guzm{\'a}n-Sim{\'o}n, Fernando and Garc{\'i}a-Jim{\'e}nez, Eduardo},
	Date-Added = {2019-02-27 08:27:48 +0100},
	Date-Modified = {2019-02-27 08:27:48 +0100},
	Doi = {10.1016/j.psicod.2017.10.002},
	Issn = {11361034},
	Journal = {Revista de Psicodid{\'a}ctica},
	Keywords = {curso-2017},
	Language = {es},
	Month = jul,
	Number = {2},
	Pages = {128--136},
	Shorttitle = {El conocimiento de las graf{\'i}as y la secuencia de aprendizaje de los grafemas en espa{\~n}ol},
	Title = {El conocimiento de las graf{\'i}as y la secuencia de aprendizaje de los grafemas en espa{\~n}ol: precursores de la lectura temprana},
	Url = {https://linkinghub.elsevier.com/retrieve/pii/S1136103417300710},
	Urldate = {2019-02-27},
	Volume = {23},
	Year = {2018},
	Bdsk-Url-1 = {https://linkinghub.elsevier.com/retrieve/pii/S1136103417300710},
	Bdsk-Url-2 = {https://doi.org/10.1016/j.psicod.2017.10.002}}

@book{Moreno-Cabrera2014On-biology-history-a,
	Address = {Sheffield, UK ; Bristol, CT},
	Author = {Moreno-Cabrera, Juan Carlos, and Mend{\'i}vil-Gir{\'o}, Jos{\'e} Luis},
	Date-Added = {2018-12-14 19:21:24 +0100},
	Date-Modified = {2019-09-05 13:21:29 +0200},
	Isbn = {978-1-78179-052-6},
	Keywords = {Biolinguistics, Historical Linguistics, Language and culture},
	Publisher = {Equinox},
	Shorttitle = {On biology, history and culture in human language},
	Title = {On biology, history and culture in human language: a critical overview},
	Year = {2014},
	Bdsk-File-1 = {YnBsaXN0MDDSAQIDBFxyZWxhdGl2ZVBhdGhZYWxpYXNEYXRhXxBJLi4vLi4vLi4vLi4vc2Nob29sL0JpYkRlc2tEb2NzL01vcmVuby1DYWJyZXJhMjAxNE9uLWJpb2xvZ3ktaGlzdG9yeS1hLnBkZk8RAeAAAAAAAeAAAgAADE1hY2ludG9zaCBIRAAAAAAAAAAAAAAAAAAAAAAAAABCRAAB/////x9Nb3Jlbm8tQ2FicmVyYTIwMTQjRkZGRkZGRkYucGRmAAAAAAAAAAAAAAAAAAAAAAAAAAAAAAAAAAAAAAAAAAD/////AAAAAAAAAAAAAAAAAAQAAwAACiBjdQAAAAAAAAAAAAAAAAALQmliRGVza0RvY3MAAAIAVi86VXNlcnM6bm9yYmVydG86RHJvcGJveDpzY2hvb2w6QmliRGVza0RvY3M6TW9yZW5vLUNhYnJlcmEyMDE0T24tYmlvbG9neS1oaXN0b3J5LWEucGRmAA4AVgAqAE0AbwByAGUAbgBvAC0AQwBhAGIAcgBlAHIAYQAyADAAMQA0AE8AbgAtAGIAaQBvAGwAbwBnAHkALQBoAGkAcwB0AG8AcgB5AC0AYQAuAHAAZABmAA8AGgAMAE0AYQBjAGkAbgB0AG8AcwBoACAASABEABIAVFVzZXJzL25vcmJlcnRvL0Ryb3Bib3gvc2Nob29sL0JpYkRlc2tEb2NzL01vcmVuby1DYWJyZXJhMjAxNE9uLWJpb2xvZ3ktaGlzdG9yeS1hLnBkZgATAAEvAAAVAAIAD///AAAACAANABoAJABwAAAAAAAAAgEAAAAAAAAABQAAAAAAAAAAAAAAAAAAAlQ=}}

@article{Mendivil-Giro2018La-diversidad-d,
	Author = {Mend{\'i}vil-Gir{\'o}, Jos{\'e} Luis},
	Date-Added = {2018-12-14 19:21:24 +0100},
	Date-Modified = {2018-12-14 19:30:15 +0100},
	File = {Mend{\'i}vil Gir{\'o} - La diversidad de las lenguas y la ciencia cognitiv.pdf:/Users/norberto/Zotero/storage/8LC9CMQB/Mend{\'i}vil Gir{\'o} - La diversidad de las lenguas y la ciencia cognitiv.pdf:application/pdf},
	Journal = {Ling{\"u}{\'i}stica en la red},
	Title = {La diversidad de las lenguas y la ciencia cognitiva},
	Volume = {XVI},
	Year = {2018},
	Bdsk-File-1 = {YnBsaXN0MDDSAQIDBFxyZWxhdGl2ZVBhdGhZYWxpYXNEYXRhXxBDLi4vLi4vLi4vLi4vc2Nob29sL0JpYkRlc2tEb2NzL01lbmRpdmlsLUdpcm8yMDE4TGEtZGl2ZXJzaWRhZC1kLnBkZk8RAcgAAAAAAcgAAgAADE1hY2ludG9zaCBIRAAAAAAAAAAAAAAAAAAAAAAAAABCRAAB/////x9NZW5kaXZpbC1HaXJvMjAxOEwjRkZGRkZGRkYucGRmAAAAAAAAAAAAAAAAAAAAAAAAAAAAAAAAAAAAAAAAAAD/////AAAAAAAAAAAAAAAAAAQAAwAACiBjdQAAAAAAAAAAAAAAAAALQmliRGVza0RvY3MAAAIAUC86VXNlcnM6bm9yYmVydG86RHJvcGJveDpzY2hvb2w6QmliRGVza0RvY3M6TWVuZGl2aWwtR2lybzIwMThMYS1kaXZlcnNpZGFkLWQucGRmAA4ASgAkAE0AZQBuAGQAaQB2AGkAbAAtAEcAaQByAG8AMgAwADEAOABMAGEALQBkAGkAdgBlAHIAcwBpAGQAYQBkAC0AZAAuAHAAZABmAA8AGgAMAE0AYQBjAGkAbgB0AG8AcwBoACAASABEABIATlVzZXJzL25vcmJlcnRvL0Ryb3Bib3gvc2Nob29sL0JpYkRlc2tEb2NzL01lbmRpdmlsLUdpcm8yMDE4TGEtZGl2ZXJzaWRhZC1kLnBkZgATAAEvAAAVAAIAD///AAAACAANABoAJABqAAAAAAAAAgEAAAAAAAAABQAAAAAAAAAAAAAAAAAAAjY=}}

@article{Mendivil-Giro2014What-are-Langua,
	Abstract = {The goal of the present contribution is to explore what kinds of objects languages are from a biolinguistic point of view. I define the biolinguistic point of view as a naturalistic study of languages and I show that from this point of view, languages are human language organs, that is, they are natural objects. However, languages change over time; therefore, they are also historically modified objects. Considering that natural organisms are historically modified natural objects, I look for inspiration in evolutionary theory to better specify what kinds of objects languages are and how they change and diversify. I conclude that every language is a `unique evolutionary history' within a restricted space of design. This conclusion means that although the structure of languages reveals aspects of formal elegance and aspects of functional efficiency, there are no arguments to state that these aspects are manifested more or less intensely in some languages than in others. Then their formal and functional aspects are part of what is common to all languages, while variable parts of language are a reflection of the essentially historical nature of the lexical interface between the components of our language organs.},
	Author = {Mend{\'i}vil-Gir{\'o}, Jos{\'e} Luis},
	Date-Added = {2018-12-14 19:21:24 +0100},
	Date-Modified = {2018-12-14 19:30:29 +0100},
	Doi = {10.2478/opli-2014-0005},
	Issn = {2300-9969},
	Journal = {Open Linguistics},
	Keywords = {parameters, typology, biolinguistics, language change, linguistic diversity, linguistic theory, philosophy of language},
	Number = {1},
	Shorttitle = {What are {Languages}?},
	Title = {What are {Languages}? {A} {Biolinguistic} {Perspective}},
	Url = {https://www.degruyter.com/view/j/opli.2014.1.issue-1/opli-2014-0005/opli-2014-0005.xml},
	Urldate = {2018-05-11},
	Volume = {1},
	Year = {2014},
	Bdsk-File-1 = {YnBsaXN0MDDSAQIDBFxyZWxhdGl2ZVBhdGhZYWxpYXNEYXRhXxBDLi4vLi4vLi4vLi4vc2Nob29sL0JpYkRlc2tEb2NzL01lbmRpdmlsLUdpcm8yMDE0V2hhdC1hcmUtTGFuZ3VhLnBkZk8RAcgAAAAAAcgAAgAADE1hY2ludG9zaCBIRAAAAAAAAAAAAAAAAAAAAAAAAABCRAAB/////x9NZW5kaXZpbC1HaXJvMjAxNFcjRkZGRkZGRkYucGRmAAAAAAAAAAAAAAAAAAAAAAAAAAAAAAAAAAAAAAAAAAD/////AAAAAAAAAAAAAAAAAAQAAwAACiBjdQAAAAAAAAAAAAAAAAALQmliRGVza0RvY3MAAAIAUC86VXNlcnM6bm9yYmVydG86RHJvcGJveDpzY2hvb2w6QmliRGVza0RvY3M6TWVuZGl2aWwtR2lybzIwMTRXaGF0LWFyZS1MYW5ndWEucGRmAA4ASgAkAE0AZQBuAGQAaQB2AGkAbAAtAEcAaQByAG8AMgAwADEANABXAGgAYQB0AC0AYQByAGUALQBMAGEAbgBnAHUAYQAuAHAAZABmAA8AGgAMAE0AYQBjAGkAbgB0AG8AcwBoACAASABEABIATlVzZXJzL25vcmJlcnRvL0Ryb3Bib3gvc2Nob29sL0JpYkRlc2tEb2NzL01lbmRpdmlsLUdpcm8yMDE0V2hhdC1hcmUtTGFuZ3VhLnBkZgATAAEvAAAVAAIAD///AAAACAANABoAJABqAAAAAAAAAgEAAAAAAAAABQAAAAAAAAAAAAAAAAAAAjY=},
	Bdsk-Url-1 = {https://www.degruyter.com/view/j/opli.2014.1.issue-1/opli-2014-0005/opli-2014-0005.xml},
	Bdsk-Url-2 = {https://doi.org/10.2478/opli-2014-0005}}

@book{Mendivil-Giro2009Origen-evolucion-y-d,
	Address = {Frankfurt am Main},
	Author = {Mend{\'i}vil-Gir{\'o}, Jos{\'e} Luis},
	Date-Added = {2018-12-14 19:21:24 +0100},
	Date-Modified = {2018-12-14 19:29:43 +0100},
	Isbn = {9783631588666},
	Keywords = {Historical Linguistics, Language and linguistics, Linguistics},
	Lccn = {P121 .M56 2009},
	Number = {Bd. 52},
	Publisher = {P. Lang},
	Series = {Studien zur romanischen Sprachwissenschaft und interkulturellen Kommunikation},
	Shorttitle = {Origen, evoluci{\'o}n y diversidad de las lenguas},
	Title = {Origen, evoluci{\'o}n y diversidad de las lenguas: una aproximaci{\'o}n bioling{\"u}{\'i}stica},
	Year = {2009}}

@webpage{Codeswitching2017,
	Abstract = {In linguistics, code-switching occurs when a speaker alternates between two or more languages, or language varieties, in the context of a single conversation. Multilinguals, speakers of more than one language, sometimes use elements of multiple languages when conversing with each other. Thus, code-switching is the use of more than one linguistic variety in a manner consistent with the syntax and phonology of each variety.
Code-switching is distinct from other language contact phenomena, such as borrowing, pidgins and creoles, loan translation (calques), and language transfer (language interference). Borrowing affects the lexicon, the words that make up a language, while code-switching takes place in individual utterances. Speakers form and establish a pidgin language when two or more speakers who do not speak a common language form an intermediate, third language. On the other hand, speakers practice code-switching when they are each fluent in both languages. Code mixing is a thematically related term, but the usage of the terms code-switching and code-mixing varies. Some scholars use either term to denote the same practice, while others apply code-mixing to denote the formal linguistic properties of language-contact phenomena and code-switching to denote the actual, spoken usages by multilingual persons.
In the 1940s and the 1950s, many scholars considered code-switching to be a substandard use of language. Since the 1980s, however, most scholars have come to regard it as a normal, natural product of bilingual and multilingual language use.
The term "code-switching" is also used outside the field of linguistics. Some scholars of literature use the term to describe literary styles that include elements from more than one language, as in novels by Chinese-American, Anglo-Indian, or Latino writers. In popular usage, code-switching is sometimes used to refer to relatively stable informal mixtures of two languages, such as Spanglish, Taglish, or Hinglish. Both in popular usage and in sociolinguistic study, the name code-switching is sometimes used to refer to switching among dialects, styles or registers. This form of switching is practiced, for example, by speakers of African American Vernacular English as they move from less formal to more formal settings. Such shifts, when performed by public figures such as politicians, are sometimes criticized as signalling inauthenticity or insincerity.},
	Copyright = {Creative Commons Attribution-ShareAlike License},
	Date-Added = {2018-09-16 18:00:00 +0200},
	Date-Modified = {2018-09-16 18:08:20 +0200},
	File = {Snapshot:/Users/norberto/Zotero/storage/NPJPG2QI/index.html:text/html},
	Journal = {Wikipedia},
	Language = {en},
	Lastchecked = {September, 2018},
	Month = sep,
	Note = {Page Version ID: 802364018},
	Title = {Code-switching},
	Url = {https://en.wikipedia.org/wiki/Code-switching},
	Urldate = {2017-10-01},
	Year = {2018},
	Bdsk-Url-1 = {https://en.wikipedia.org/w/index.php?title=Code-switching&oldid=802364018}}

@book{Gil-Fernandez2007Fonetica-para-p,
	Address = {Madrid},
	Annote = {N.º dep{\'o}sito legal: M 6503-2007 Oficina Dep{\'o}sito Legal Madrid
CDU: 811.134.2'342:37.02
T{\'i}tulo de serie: (Manuales de formaci{\'o}n de profesores de espa{\~n}ol 2-L)
Encabez. materia: Lengua espa{\~n}ola -- Fon{\'e}tica -- Did{\'a}ctica},
	Author = {Gil Fern{\'a}ndez, Juana},
	Date-Added = {2018-04-17 06:35:32 +0000},
	Date-Modified = {2018-04-17 06:35:32 +0000},
	Isbn = {978-84-7635-645-6},
	Keywords = {curso-2017},
	Publisher = {Arco/Libros},
	Shorttitle = {Fon{\'e}tica para profesores de espa{\~n}ol [{Texto} impreso]},
	Title = {Fon{\'e}tica para profesores de espa{\~n}ol},
	Year = {2007}}

@book{Garcia-Murga2014Semantica,
	Address = {Madrid},
	Author = {Garc{\'i}a Murga, Fernando},
	Date-Added = {2018-04-17 05:48:45 +0000},
	Date-Modified = {2018-04-17 05:48:45 +0000},
	Isbn = {978-84-9958-839-1},
	Keywords = {curso-2017},
	Publisher = {S{\'i}ntesis},
	Series = {({Claves} de la ling{\"u}{\'i}stica)},
	Title = {Sem{\'a}ntica},
	Year = {2014}}

@book{Lopez-Alonso2014Analisis-del-di,
	Address = {Madrid},
	Author = {L{\'o}pez Alonso, Covadonga},
	Keywords = {curso-2017},
	Publisher = {S{\'i}ntesis},
	Series = {({Claves} de la ling{\"u}{\'i}stica)},
	Title = {An{\'a}lisis del discurso},
	Year = {2014}}

@book{Teso-Martin2002Compendio-y-eje,
	Address = {Madrid},
	Author = {del Teso Mart{\'i}n, Enrique},
	Keywords = {curso-2017},
	Publisher = {Arco},
	Title = {Compendio y ejercicios de sem{\'a}ntica},
	Year = {2002}}

@book{Gutierrez-Ordonez1989Introduccion-a-,
	Address = {Madrid},
	Author = {Guti{\'e}rrez Ordo{\~n}ez, Salvador},
	Keywords = {curso-2017},
	Publisher = {S{\'i}ntesis},
	Series = {({Ling{\"u}{\'i}stica} ; 20)},
	Title = {Introducci{\'o}n a la sem{\'a}ntica funcional},
	Year = {1989}}

@book{Fabregas2013La-morfologia:-,
	Address = {Madrid},
	Author = {F{\'a}bregas, Antonio},
	Date-Modified = {2020-05-18 11:51:33 +0200},
	Keywords = {curso-2017; Morphology},
	Publisher = {S{\'i}ntesis},
	Shorttitle = {La morfolog{\'i}a},
	Title = {La morfolog{\'i}a: el an{\'a}lisis de la palabra compleja},
	Year = {2013}}

@book{Rodriguez-Ramalle2015Las-relaciones-,
	Address = {Madrid},
	Author = {Rodr{\'i}guez Rammalle, Teresa},
	Publisher = {S{\'i}ntesis},
	Title = {Las relaciones sint{\'a}cticas},
	Year = {2015}}

@book{Escandell-Vidal1993Introduccion-a-,
	Address = {Madrid},
	Author = {Escandell Vidal, M. Victoria},
	Publisher = {Universidad Nacional de Educaci{\'o}n a Distancia},
	Title = {Introducci{\'o}n a la pragm{\'a}tica},
	Volume = {5},
	Year = {1993}}

@book{Escandell-Vidal2005La-comunicacion,
	Address = {Madrid},
	Author = {Escandell Vidal, M. Victoria and Mart{\'i} S{\'a}nchez, Manuel},
	Publisher = {Editorial Gredos},
	Series = {Ense{\~n}anza y lengua espa{\~n}ola},
	Title = {La comunicaci{\'o}n},
	Url = {http://www.loc.gov/catdir/enhancements/fy0908/2005445205-d.html},
	Volume = {1},
	Year = {2005},
	Bdsk-Url-1 = {http://www.loc.gov/catdir/enhancements/fy0908/2005445205-d.html}}

@book{Mendivil-Giro2003Gramatica-natur,
	Address = {Madrid},
	Author = {Mend{\'i}vil-Gir{\'o}, Jos{\'e} Luis},
	Date-Added = {2018-02-14 18:46:56 +0000},
	Date-Modified = {2019-05-31 13:11:54 +0200},
	Isbn = {978-84-7774-886-1},
	Publisher = {Visor},
	Series = {({Ling{\"u}{\'i}stica} y conocimiento ; 36)},
	Shorttitle = {Gram{\'a}tica natural},
	Title = {Gram{\'a}tica natural: la gram{\'a}tica generativa y la tercera cultura},
	Year = {2003}}

@book{Pinker1995The-language-in,
	Address = {New York},
	Author = {Pinker, Steven},
	Publisher = {HarperPerennial},
	Title = {The language instinct},
	Year = {1995}}

@book{Pavon-Lucero2012Estructuras-Sin,
	Address = {Madrid},
	Author = {Pav{\'o}n Lucero, Mar{\'i}a Victoria},
	Publisher = {{Arco/Libros}},
	Series = {(Cuadernos de lengua espa{\~n}ola ; 112)},
	Title = {Estructuras Sint{\'a}cticas En La Subordinaci{\'o}n Adverbial},
	Year = {2012}}

@book{Gomez-Torrego2005Valores-Gramati,
	Address = {Madrid},
	Author = {G{\'o}mez Torrego, Leonardo},
	Publisher = {{Arco/Libros}},
	Title = {Valores Gramaticales de Se},
	Year = {2005}}

@book{Fernandez-Montraveta2017Las-Construccio,
	Author = {Fern{\'a}ndez Montraveta, Ana and V{\'a}zquez, Gl{\`o}ria},
	Publisher = {{Arco/Libros}},
	Series = {Cuadernos de lengua espa{\~n}ola},
	Title = {Las Construcciones Con Se En Espa{\~n}ol},
	Volume = {130},
	Year = {2017}}

@book{2012The-handbook-of-Hisp,
	Address = {Chichester, West Sussex [England] ; Malden, {MA}},
	Editor = {Hualde, Juan Ignacio and Olarrea, Antx{\'on} and O'Rourke, Ed},
	Publisher = {Wiley-Blackwell},
	Series = {Blackwell handbooks in linguistics},
	Title = {The handbook of Hispanic linguistics},
	Year = {2012}}

@book{King1999Gramatica-espan,
	Address = {Boston},
	Author = {King, Larry D and Su{\~n}er, Margarita},
	Date-Added = {2017-12-12 18:41:29 +0000},
	Date-Modified = {2017-12-12 18:41:29 +0000},
	Dewey-Call-Number = {468.2/4},
	Genre = {Spanish language},
	Isbn = {007289184X},
	Library-Id = {98025146},
	Publisher = {McGraw-Hill College},
	Title = {Gram{\'a}tica espa{\~n}ola: an{\'a}lisis y pr{\'a}ctica},
	Year = {1999},
	Bdsk-Url-1 = {http://www.loc.gov/catdir/description/mh023/98025146.html}}

@book{Rodriguez-Ramalle2005Manual-de-sinta,
	Address = {Madrid},
	Author = {Rodr{\'i}guez Ramalle, Teresa Mar{\'i}a},
	Call-Number = {PC4361},
	Date-Added = {2017-11-27 17:00:33 +0000},
	Date-Modified = {2017-11-27 17:00:33 +0000},
	Genre = {Spanish language},
	Isbn = {8497401549},
	Library-Id = {2006383464},
	Publisher = {Editorial Castalia},
	Title = {Manual de sintaxis del espa{\~n}ol},
	Url = {http://www.loc.gov/catdir/enhancements/fy1202/2006383464-d.html},
	Volume = {4},
	Year = {2005},
	Bdsk-Url-1 = {http://www.loc.gov/catdir/enhancements/fy1202/2006383464-d.html}}

@book{Pavon-Lucero2007Gramatica-pract,
	Address = {Madrid},
	Author = {Pav{\'o}n Lucero, Mar{\'i}a Victoria},
	Call-Number = {PC4112},
	Date-Added = {2017-11-27 16:58:40 +0000},
	Date-Modified = {2017-11-27 16:58:40 +0000},
	Genre = {Spanish language},
	Isbn = {9788467025927},
	Library-Id = {2008375669},
	Publisher = {Espasa Calpe},
	Title = {Gram{\'a}tica pr{\'a}ctica del espa{\~n}ol},
	Url = {http://www.loc.gov/catdir/enhancements/fy1110/2008375669-d.html},
	Year = {2007},
	Bdsk-Url-1 = {http://www.loc.gov/catdir/enhancements/fy1110/2008375669-d.html}}

@article{Fabregas2015Imperfecto-and-indef,
	Abstract = {This article aims to providing the reader with an overview of the main facts and analyses about the syntax and semantics of imperfecto and indefinido in Spanish. {\S}1 presents the main views of the nature of tense in natural language; {\S}2 introduces the main distinctions and classifications of tense in Spanish, from a descriptive perspective; {\S}3 does the same with aspect. {\S}4, the core of the article, reviews the facts and the analyses about the famous imperfecto {\textasciitilde} indefinido distinction in the Spanish temporoaspectual domain. {\S}5 takes stock of the facts in Spanish, and outlines some conclusions.},
	Author = {F{\'a}bregas, Antonio},
	Copyright = {Copyright (c) 2015 Antonio F{\'a}bregas},
	Date-Added = {2017-11-26 18:24:21 +0000},
	Date-Modified = {2017-11-26 18:24:21 +0000},
	Doi = {10.7557/1.4.2.3534},
	Issn = {1893-3211},
	Journal = {Borealis. An International Journal of Hispanic Linguistics},
	Keywords = {aspect, coreference, imperfectivity, imperfecto, indefinido, Narrative, Perfectivity, Tense},
	Number = {2},
	Pages = {1--70},
	Shorttitle = {'{Imperfecto}' and 'indefinido' in {Spanish}},
	Title = {'{Imperfecto}' and 'indefinido' in {Spanish}: what, where and how},
	Url = {http://septentrio.uit.no/index.php/borealis/article/view/3534},
	Urldate = {2016-04-15},
	Volume = {4},
	Year = {2015},
	Bdsk-Url-1 = {http://septentrio.uit.no/index.php/borealis/article/view/3534},
	Bdsk-Url-2 = {http://dx.doi.org/10.7557/1.4.2.3534}}

@techreport{Brucart2003El-valor-del-im,
	Address = {Barcelona},
	Author = {Brucart, Josep M.},
	Date-Added = {2017-11-23 10:23:35 +0000},
	Date-Modified = {2017-11-23 10:23:35 +0000},
	File = {GGT-03-1.pdf:/Users/norberto/Zotero/storage/KMX7TTHM/GGT-03-1.pdf:application/pdf},
	Institution = {Universitat Aut{\`o}noma de Barcelona},
	Number = {GGT-03-1},
	Title = {El valor del imperfecto de indicativo en espa{\~n}ol},
	Type = {Informe de investigaci{\'o}n},
	Url = {http://filcat.uab.es/clt/publicacions/reports/pdf/GGT-03-1.pdf},
	Year = {2003},
	Bdsk-Url-1 = {http://filcat.uab.es/clt/publicacions/reports/pdf/GGT-03-1.pdf}}

@book{Crystal1994Enciclopedia-de,
	Address = {Madrid},
	Author = {Crystal, David},
	Date-Added = {2017-10-31 05:51:37 +0000},
	Date-Modified = {2017-10-31 05:52:56 +0000},
	Publisher = {Taurus},
	Title = {Enciclopedia del lenguaje de la Universidad de Cambridge},
	Year = {1994}}

@book{Bosque2009Fundamentos-de-,
	Address = {Madrid},
	Author = {Bosque, Ignacio and Guti{\'e}rrez-Rexach, Javier},
	Date-Added = {2017-10-10 15:39:56 +0000},
	Date-Modified = {2017-10-10 15:40:04 +0000},
	Publisher = {{Akal}},
	Timestamp = {2016-11-17T13:47:47Z},
	Title = {Fundamentos de sintaxis formal},
	Year = {2009}}

@book{Escandell-Vidal2014Claves-del-leng,
	Address = {Madrid},
	Author = {Escandell Vidal, M. Victoria},
	Date-Added = {2017-09-26 05:05:08 +0000},
	Date-Modified = {2017-09-26 05:05:37 +0000},
	Isbn = {978-84-9961-159-4},
	Publisher = {Centro de Estudios Ram{\'o}n Areces},
	Title = {Claves del lenguaje humano},
	Year = {2014}}

@book{Benitez-Burraco2015El-origen-del-l,
	Address = {Madrid},
	Author = {Ben{\'i}tez Burraco, Antonio and Barcel{\'o} Coblijn, Luis},
	Date-Added = {2017-09-26 05:05:08 +0000},
	Date-Modified = {2017-09-26 05:07:53 +0000},
	Isbn = {978-84-9077-222-5},
	Publisher = {S{\'i}ntesis},
	Series = {({Claves} de la ling{\"u}{\'i}stica)},
	Title = {El origen del lenguaje},
	Year = {2015}}

@unpublished{Bosque2017La-gramatica-en,
	Address = {UCM/UAB},
	Author = {Bosque, Ignacio and Gallego, {\'A}ngel},
	Date-Added = {2017-09-17 17:18:32 +0000},
	Date-Modified = {2017-09-17 17:18:32 +0000},
	File = {Bosque y Gallego - 2017 - La gram{\'a}tica en la Ense{\~n}anza Media. Competencias o.pdf:files/8893/Bosque y Gallego - 2017 - La gram{\'a}tica en la Ense{\~n}anza Media. Competencias o.pdf:application/pdf},
	Title = {La gram{\'a}tica en la {Ense{\~n}anza} {Media}. {Competencias} oficiales y competencias necesarias},
	Url = {http://media.wix.com/ugd/d72a87_c296026810ba44e7ac2e31f656560a94.pdf},
	Urldate = {2017-09-17},
	Year = {2017},
	Bdsk-File-1 = {YnBsaXN0MDDSAQIDBFxyZWxhdGl2ZVBhdGhZYWxpYXNEYXRhXxA8Li4vLi4vLi4vLi4vc2Nob29sL0JpYkRlc2tEb2NzL0Jvc3F1ZTIwMTdMYS1ncmFtYXRpY2EtZW4ucGRmTxEBrgAAAAABrgACAAAMTWFjaW50b3NoIEhEAAAAAAAAAAAAAAAAAAAAAAAAAEJEAAH/////HUJvc3F1ZTIwMTdMYS1ncmFtYXRpY2EtZW4ucGRmAAAAAAAAAAAAAAAAAAAAAAAAAAAAAAAAAAAAAAAAAAAAAP////8AAAAAAAAAAAAAAAAABAADAAAKIGN1AAAAAAAAAAAAAAAAAAtCaWJEZXNrRG9jcwAAAgBJLzpVc2Vyczpub3JiZXJ0bzpEcm9wYm94OnNjaG9vbDpCaWJEZXNrRG9jczpCb3NxdWUyMDE3TGEtZ3JhbWF0aWNhLWVuLnBkZgAADgA8AB0AQgBvAHMAcQB1AGUAMgAwADEANwBMAGEALQBnAHIAYQBtAGEAdABpAGMAYQAtAGUAbgAuAHAAZABmAA8AGgAMAE0AYQBjAGkAbgB0AG8AcwBoACAASABEABIAR1VzZXJzL25vcmJlcnRvL0Ryb3Bib3gvc2Nob29sL0JpYkRlc2tEb2NzL0Jvc3F1ZTIwMTdMYS1ncmFtYXRpY2EtZW4ucGRmAAATAAEvAAAVAAIAD///AAAACAANABoAJABjAAAAAAAAAgEAAAAAAAAABQAAAAAAAAAAAAAAAAAAAhU=},
	Bdsk-Url-1 = {http://media.wix.com/ugd/d72a87_c296026810ba44e7ac2e31f656560a94.pdf}}

@book{1999Gramatica-Descriptiv,
	Address = {Madrid},
	Date-Added = {2017-09-12 06:24:14 +0000},
	Date-Modified = {2017-09-12 06:24:44 +0000},
	Editor = {Bosque, Ignacio and Demonte, Violeta},
	Keywords = {description, spanish, grammar,},
	Organization = {RAE},
	Publisher = {Espasa},
	Title = {{G}ram{\'a}tica {D}escriptiva de la {L}engua {E}spa{\~n}ola},
	Year = {1999}}

@book{RAE-ASALE2009Nueva-Gramatica-de-l,
	Address = {Madrid},
	Author = {{RAE-ASALE}},
	Date-Added = {2017-09-08 16:54:49 +0000},
	Date-Modified = {2017-09-08 16:54:49 +0000},
	Keywords = {curso-2017},
	Publisher = {Espasa-Calpe-RAE},
	Title = {{N}ueva {G}ram{\'a}tica de la {L}engua {E}spa{\~n}ola},
	Year = {2009}}

@book{RAE-ASALE2010Nueva-gramatica,
	Address = {Madrid},
	Author = {{RAE-ASALE}},
	Date-Added = {2017-09-08 16:54:49 +0000},
	Date-Modified = {2018-04-17 05:43:53 +0000},
	Isbn = {978-84-670-3281-9},
	Keywords = {Grammar, Spanish language, curso-2017},
	Publisher = {Espasa},
	Shorttitle = {Nueva gram{\'a}tica de la lengua espa{\~n}ola},
	Title = {{N}ueva {G}ram{\'a}tica de la {L}engua {E}spa{\~n}ola},
	Year = {2010},
	Bdsk-File-1 = {YnBsaXN0MDDSAQIDBFxyZWxhdGl2ZVBhdGhZYWxpYXNEYXRhXxA7Li4vLi4vLi4vLi4vc2Nob29sL0JpYkRlc2tEb2NzLzIwMTBOdWV2YS1ncmFtYXRpY2EtZGUtbC5wZGZPEQGoAAAAAAGoAAIAAAxNYWNpbnRvc2ggSEQAAAAAAAAAAAAAAAAAAAAAAAAAQkQAAf////8cMjAxME51ZXZhLWdyYW1hdGljYS1kZS1sLnBkZgAAAAAAAAAAAAAAAAAAAAAAAAAAAAAAAAAAAAAAAAAAAAAA/////wAAAABQREYgQ0FSTwAEAAMAAAogY3UAAAAAAAAAAAAAAAAAC0JpYkRlc2tEb2NzAAACAEgvOlVzZXJzOm5vcmJlcnRvOkRyb3Bib3g6c2Nob29sOkJpYkRlc2tEb2NzOjIwMTBOdWV2YS1ncmFtYXRpY2EtZGUtbC5wZGYADgA6ABwAMgAwADEAMABOAHUAZQB2AGEALQBnAHIAYQBtAGEAdABpAGMAYQAtAGQAZQAtAGwALgBwAGQAZgAPABoADABNAGEAYwBpAG4AdABvAHMAaAAgAEgARAASAEZVc2Vycy9ub3JiZXJ0by9Ecm9wYm94L3NjaG9vbC9CaWJEZXNrRG9jcy8yMDEwTnVldmEtZ3JhbWF0aWNhLWRlLWwucGRmABMAAS8AABUAAgAP//8AAAAIAA0AGgAkAGIAAAAAAAACAQAAAAAAAAAFAAAAAAAAAAAAAAAAAAACDg==}}

@book{Gomez-Torrego2002Ejercicios-de-g,
	Address = {Madrid},
	Author = {G{\'o}mez Torrego, Leonardo},
	Date-Modified = {2017-09-26 13:44:06 +0000},
	Edition = {3ª ed},
	Isbn = {978-84-7635-209-0},
	Publisher = {Arco/Libros},
	Title = {Ejercicios de gram{\'a}tica normativa},
	Year = {2002}}

@book{RAE-ASALE2010Ortografia-de-l,
	Address = {Madrid},
	Author = {RAE-ASALE},
	Date-Modified = {2017-09-26 13:45:02 +0000},
	Isbn = {978-84-670-3426-4},
	Publisher = {Espasa},
	Title = {Ortograf{\'i}a de la lengua espa{\~n}ola},
	Year = {2010}}

@book{Martinez-de-Sousa2014Ortografia-y-or,
	Address = {Gij{\'o}n, Asturias},
	Author = {Mart{\'i}nez de Sousa, Jos{\'e}},
	Date-Modified = {2017-09-26 13:44:34 +0000},
	Edition = {3ª ed},
	Isbn = {978-84-9704-724-1},
	Publisher = {Trea},
	Series = {({Biblioteconom{\'i}a} y administraci{\'o}n cultural ; 95)},
	Shorttitle = {Ortograf{\'i}a y ortotipograf{\'i}a del espa{\~n}ol actual},
	Title = {Ortograf{\'i}a y ortotipograf{\'i}a del espa{\~n}ol actual: ({OOTEA} 3)},
	Year = {2014}}

@book{Bosque2015Las-categorias-,
	Address = {Madrid},
	Author = {Bosque, Ignacio},
	Date-Modified = {2017-09-22 05:09:37 +0000},
	Edition = {2ª ed},
	Isbn = {978-84-9077-082-5},
	Publisher = {S{\'i}ntesis},
	Series = {{L}ing{\"u}{\'i}stica. {Serie} {Mayor} ; 1)},
	Shorttitle = {Las categor{\'i}as gramaticales},
	Title = {Las categor{\'i}as gramaticales: relaciones y diferencias gramaticales: relaciones y diferenciasas gramaticales: relaciones y diferencias},
	Year = {2015}}

@book{Moreno-Cabrera2013Cuestiones-clav,
	Address = {Madrid},
	Author = {Moreno-Cabrera, Juan Carlos},
	Date-Modified = {2019-06-08 10:16:48 +0200},
	Isbn = {978-84-9958-988-6},
	Publisher = {S{\'i}ntesis},
	Series = {({Claves} de la ling{\"u}{\'i}stica)},
	Title = {Cuestiones clave de la ling{\"u}{\'i}stica},
	Year = {2013}}

@book{Moreno-Cabrera2016Multilinguismo,
	Address = {Madrid},
	Author = {Moreno-Cabrera, Juan Carlos},
	Date-Modified = {2019-06-08 10:16:24 +0200},
	Publisher = {S{\'i}ntesis},
	Series = {({Claves} de la ling{\"u}{\'i}stica)},
	Title = {Multiling{\"u}ismo y lenguas en contacto},
	Year = {2016}}

@book{Bengoechea2015Lengua-y-genero,
	Address = {Madrid},
	Author = {Bengoechea, Mercedes},
	Date-Modified = {2017-09-22 05:03:19 +0000},
	Isbn = {978-84-9077-223-2},
	Publisher = {S{\'i}ntesis},
	Series = {({Claves} de la ling{\"u}{\'i}stica)},
	Title = {Lengua y g{\'e}nero},
	Year = {2015}}

@book{2016Enciclopedia-de,
	Address = {London; and New York},
	Date-Modified = {2020-05-18 11:58:13 +0200},
	Editor = {Guti{\'e}rrez-Rexach, Javier},
	Isbn = {978-1-138-94138-0},
	Publisher = {Routledge},
	Title = {Enciclopedia de ling{\"u}{\'i}stica hisp{\'a}nica},
	Year = {2016}}
