@Book{Cabeza2020Signos,
author = {Cabeza Pereiro, María del Carmen}, 
title = {Fundamentos de las lenguas de signos}, 
volume = {}, 
pages = {}, 
editor = {}, 
publisher = {Síntesis}, 
address = {Madrid}, 
year = {2020}, 
abstract = {}, 
keywords = {curso-lengua; Sign language}}


@Book{2012The-handbook-of-Hisp,
author = {}, 
title = {The handbook of Hispanic linguistics}, 
volume = {}, 
pages = {}, 
editor = {Hualde, José Ignacio and Olarrea, Antxon and O'Rourke, Erin}, 
publisher = {Wiley-Blackwell}, 
address = {Malden, MA; Oxford}, 
year = {2012}, 
abstract = {}, 
keywords = {Spanish language; curso-lengua; curso-sintaxis}}


@Book{2016Enciclopedia-de-Linguistica,
author = {}, 
title = {Enciclopedia de Lingüística Hispánica}, 
volume = {1 y 2}, 
pages = {}, 
editor = {Gutiérrez-Rexach, Javier}, 
publisher = {Routledge}, 
address = {Milton Park, Abingdon, Oxon; New York, NY}, 
year = {2016}, 
abstract = {}, 
keywords = {History, Romance languages, Spanish language, Dictionaries, Encyclopedias and dictionaries, Spanish, Romance philology, Spanish philology}}



@Book{Escandell-Vidal2014Claves-del-leng,
author = {Escandell-Vidal, María Victoria}, 
title = {Claves del lenguaje humano}, 
volume = {}, 
pages = {}, 
editor = {}, 
publisher = {Centro de Estudios Ramón Areces}, 
address = {Madrid}, 
year = {2014}, 
abstract = {}, 
keywords = {}}


@Book{Mendivil-Giro2003Gramatica-natur,
author = {Mendívil-Giró, José-Luis}, 
title = {Gramática natural: la gramática generativa y la tercera cultura}, 
volume = {}, 
pages = {}, 
editor = {}, 
publisher = {A. Machado Libros}, 
address = {Boadilla del Monte (Madrid)}, 
year = {2003}, 
abstract = {}, 
keywords = {}}



@Book{Mendivil-Giro2015El-cambio-linguistic,
author = {Mendívil-Giró, José-Luis}, 
title = {El cambio lingüístico: sus causas, mecanismos y consecuencias}, 
volume = {}, 
pages = {}, 
editor = {}, 
publisher = {Editorial Síntesis}, 
address = {Madrid}, 
year = {2015}, 
abstract = {}, 
keywords = {Direction in language; Language and languages; Variation; Linguistic change}}



@Book{Moreno-Cabrera2014On-biology-history-a,
author = {Moreno-Cabrera, Juan Carlos and Mendívil-Giró, José-Luis}, 
title = {On biology, history and culture in human language: a critical overview}, 
volume = {}, 
pages = {}, 
editor = {}, 
publisher = {Equinox}, 
address = {Sheffield, UK; Bristol, CT}, 
year = {2014}, 
abstract = {}, 
keywords = {Biolinguistics; Historical Linguistics; Language and culture}}


@Book{Sandler2006Sign,
author = {Sandler, Wendy and Lillo-Martin, Diane}, 
title = {Sign Language and Linguistic Universals}, 
volume = {}, 
pages = {547}, 
editor = {}, 
publisher = {Cambridge University Press}, 
address = {}, 
year = {2006}, 
abstract = {}, 
keywords = {Linguistics; curso-lengua; Sign language; Universal grammar}}


@Book{Moreno-Cabrera2015Lenguaje,
author = {Moreno-Cabrera, Juan Carlos}, 
title = {Del lenguaje a las lenguas. Tratado Didáctico y Crítico de Lingüística General}, 
volume = {1 (El lenguaje)}, 
pages = {}, 
editor = {}, 
publisher = {Euphonia Ediciones}, 
address = {Madrid}, 
year = {2015}, 
abstract = {}, 
keywords = {curso-lengua; Linguistics}}



@Book{Moreno-Cabrera2015Lenguas,
author = {Moreno-Cabrera, Juan Carlos}, 
title = {Del lenguaje a las lenguas. Tratado Didáctico y Crítico de Lingüística General}, 
volume = {2 (Las lenguas)}, 
pages = {}, 
editor = {}, 
publisher = {Euphonia Ediciones}, 
address = {Madrid}, 
year = {2015}, 
abstract = {}, 
keywords = {curso-lengua; Linguistics}}


@Article{Beltrama2020Social,
author = {Beltrama, Andrea}, 
title = {Social meaning in semantics and pragmatics}, 
journal = {Language and Linguistics Compass}, 
volume = {}, 
number = {}, 
pages = {}, 
year = {2020}, 
abstract = {}, 
location = {}, 
keywords = {Semantics; Social meaning; Inference; implicatures; curso-lengua}}



@InBook{Escandell-Vidal2018Genero,
author = {Escandell-Vidal, María Victoria}, 
title = {Reflexiones sobre el género como categoría gramatical. Cambio ecológico y tipología lingüística}, 
booktitle = {De la lingüística a la semiótica: trayectorias y horizontes del estudio de la comunicación}, 
editor = {}, 
publisher = {Universidad de S. Clemente de Ojrid}, 
address = {Sofía}, 
pages = {}, 
year = {2018}, 
abstract = {El objetivo de estas páginas es reflexionar sobre los aspectos formales y lingüísticos del género como categoría gramatical, exponer sus propiedades y comentar las consecuencias que tiene para la estabilidad del sistema lingüístico la equiparación inadecuada entre género gramatical, sexo biológico y género social.}, 
keywords = {gender; Morphology; inflection; curso-lengua}}


@Article{Mendivil-Giro2020Inclusivo,
author = {Mendívil-Giró, José-Luis}, 
title = {El masculino inclusivo en español}, 
journal = {RSEL}, 
volume = {50}, 
number = {1}, 
pages = {35–64}, 
year = {2020}, 
abstract = {}, 
location = {}, 
keywords = {Morphology; Gender; curso-lengua}}



@Book{Embick2015The-morpheme,
author = {Embick, David}, 
title = {The morpheme: a theoretical introduction}, 
volume = {(31)}, 
pages = {}, 
editor = {}, 
publisher = {De Gruyter Mouton}, 
address = {Boston}, 
year = {2015}, 
abstract = {}, 
keywords = {Morphology Theory; Morphemics; Morpheme; curso-lengua; curso-sintaxis}}



@Article{Embick2015Neurobiology,
author = {Embick, David and Poeppel, David}, 
title = {Towards a computational(ist) neurobiology of language: Correlational, integrated, and explanatory neurolinguistics.}, 
journal = {Lang Cogn Neurosci}, 
volume = {30}, 
number = {4}, 
pages = {357–366}, 
year = {2015}, 
keywords = {Computation; Explanation; Levels; Linguistic Theory; Reductionism; Unification; curso-lengua}}



@Book{2015Oxford-hist-phon,
author = {}, 
title = {The Oxford handbook of historical phonology}, 
volume = {}, 
pages = {}, 
editor = {Honeybone, Patrick and Salmons, Joe}, 
publisher = {Oxford University Press}, 
address = {Oxford, United Kingdom}, 
year = {2015}, 
keywords = {Grammar; Comparative and general; Phonetics; Phonology; Historical Phonology; curso-lengua}}


@Book{Friederici2017Language-in-our,
author = {Friederici, Angela D.}, 
title = {Language in our brain: the origins of a uniquely human capacity}, 
volume = {}, 
pages = {}, 
editor = {}, 
publisher = {The MIT Press}, 
address = {Cambridge, MA}, 
year = {2017}, 
abstract = {}, 
keywords = {Brain; Cognitive science; Physiology; Psycholinguistics; Cognitive grammar; Cognitive learning; Localization of functions; Locations of functionality; P600; N400; curso-lengua; curso-sintaxis}}


@Article{Anderson2000,
author = {Anderson, Stephen R. and Lightfoot, David W.}, 
title = {The Human Language Faculty as an Organ}, 
journal = {Annual Review of Physiology}, 
volume = {62}, 
number = {1}, 
pages = {697–722}, 
year = {2000}}




@Article{Anderson2008The-Logical-Structur,
author = {Anderson, Stephen R.}, 
title = {The Logical Structure of Linguistic Theory}, 
journal = {Language}, 
volume = {84}, 
number = {4}, 
pages = {795–814}, 
year = {2008}}



@Article{Ladefoged1980Sounds,
author = {Ladefoged, Peter}, 
title = {What Are Linguistic Sounds Made of?}, 
journal = {Language}, 
volume = {56}, 
number = {3}, 
pages = {485–502}, 
year = {1980}, 
keywords = {Phonology; Phonetics}}



@Book{Murphy2010Lexicalmeaning,
author = {Murphy, M. Lynne}, 
title = {Lexical meaning}, 
volume = {}, 
pages = {}, 
editor = {}, 
publisher = {Cambridge University Press}, 
address = {Cambridge; New York}, 
year = {2010}, 
abstract = {The ideal introduction for students of semantics, Lexical Meaning fills the gap left by more general semantics textbooks, providing the teacher and the student with insights into word meaning beyond the traditional overviews of lexical relations. The book explores the relationship between word meanings and syntax and semantics more generally. It provides a balanced overview of the main theoretical approaches, along with a lucid explanation of their relative strengths and weaknesses. After covering the main topics in lexical meaning, such as polysemy and sense relations, the textbook surveys the types of meanings represented by different word classes. It explains abstract concepts in clear language, using a wide range of examples, and includes linguistic puzzles in each chapter to encourage the student to practise using the concepts. Adopt-a-Word exercises give students the chance to research a particular word, building a portfolio of specialist work on a single word}, 
keywords = {lexical semantics; curso-lengua; Lexicology; Semantics }}

@Book{Munoz-Basols2017Introduccion,
author = {Muñoz-Basols, Javier and Moreno, Nina and Taboada, Inma and Lacorte, Manel}, 
title = {Introducción a la lingüística hispánica actual: teoría y práctica}, 
volume = {}, 
pages = {}, 
editor = {}, 
publisher = {Routledge}, 
address = {}, 
year = {2017}, 
abstract = {}, 
keywords = {curso-lengua}}

@Book{Bosque2015Las-categorias-,
author = {Bosque, Ignacio}, 
title = {Las categorías gramaticales: relaciones y diferencias}, 
volume = {}, 
pages = {}, 
editor = {}, 
publisher = {Síntesis}, 
address = {Madrid}, 
year = {2015}, 
abstract = {}, 
keywords = {curso-lengua; curso-sintaxis; Manuals; sintax; }}

@Book{Moreno-Cabrera2013Cuestiones-clav,
author = {Moreno-Cabrera, Juan Carlos}, 
title = {Cuestiones clave de la lingüística}, 
volume = {}, 
pages = {}, 
editor = {}, 
publisher = {Síntesis}, 
address = {Madrid}, 
year = {2013}, 
abstract = {}, 
keywords = {curso-lengua}}

@Book{Bengoechea2015Lengua-y-genero,
author = {Bengoechea, Mercedes}, 
title = {Lengua y género}, 
volume = {}, 
pages = {}, 
editor = {}, 
publisher = {Síntesis}, 
address = {Madrid}, 
year = {2015}, 
abstract = {}, 
keywords = {curso-lengua}}

@Book{Gomez-Capuz2004Los-prestamos-d,
author = {Gómez Capuz, Juan}, 
title = {Los préstamos del español, lengua y sociedad}, 
volume = {}, 
pages = {}, 
editor = {}, 
publisher = {Arco Libros}, 
address = {Madrid}, 
year = {2004}, 
abstract = {}, 
keywords = {curso-lengua; vocabulary; etymology; }}

@Book{Gomez-Torrego2002Ejercicios-de-g,
author = {Gómez Torrego, Leonardo}, 
title = {Ejercicios de gramática normativa}, 
volume = {}, 
pages = {}, 
editor = {}, 
publisher = {Arco/Libros}, 
address = {Madrid}, 
year = {2002}, 
abstract = {}, 
keywords = {curso-lengua}}

@Book{Jezek2015The-lexicon-an,
author = {Jeźek, Elisabetta}, 
title = {The lexicon: an introduction}, 
volume = {}, 
pages = {}, 
editor = {}, 
publisher = {Oxford University Press}, 
address = {New York, NY}, 
year = {2015}, 
abstract = {}, 
keywords = {lexical semantics; curso-lengua; }}

@Book{Dworkin2012A-history-of-th,
author = {Dworkin, Steven Norman}, 
title = {A history of the Spanish lexicon: a linguistic perspective}, 
volume = {}, 
pages = {}, 
editor = {}, 
publisher = {Oxford University Press}, 
address = {Oxford}, 
year = {2012}, 
abstract = {}, 
keywords = {Etymology; Spanish language; Vocabulary; curso-lengua}}

@Book{2015The-Oxford-Hand,
author = {}, 
title = {The Oxford Handbook of The Word}, 
volume = {}, 
pages = {}, 
editor = {Taylor, John R.}, 
publisher = {Oxford University Press}, 
address = {New York, NY}, 
year = {2015}, 
abstract = {}, 
keywords = {English language; Etymology; Morphology; Word formation; curso-lengua; }}

@Book{2016The-Oxford-hand,
author = {}, 
title = {The Oxford handbook of developmental linguistics}, 
volume = {}, 
pages = {}, 
editor = {Lidz, Jeffrey and Snyder, William and Pater, Joe}, 
publisher = {Oxford University Press}, 
address = {Oxford, United Kingdom}, 
year = {2016}, 
abstract = {In this handbook, renowned scholars from a range of backgrounds provide a state of the art review of key developmental findings in language acquisition. The book places language acquisition phenomena in a richly linguistic and comparative context, highlighting the link between linguistic theory, language development, and theories of learning. The book is divided into six parts. Parts I and II examine the acquisition of phonology and morphology respectively, with chapters covering topics such as phonotactics and syllable structure, prosodic phenomena, compound word formation, and processing continuous speech. Part III moves on to the acquisition of syntax, including argument structure, questions, mood alternations, and possessives. In Part IV, chapters consider semantic aspects of language acquisition, including the expression of genericity, quantification, and scalar implicature. Finally, Parts V and VI look at theories of learning and aspects of atypical language development respectively}, 
keywords = {Language acquisition; Linguistics; curso-lengua; }}

@Book{RAE-ASALE2010Ortografia-de-l,
author = {RAE-ASALE}, 
title = {Ortografía de la lengua española}, 
volume = {}, 
pages = {}, 
editor = {}, 
publisher = {Espasa-RAE}, 
address = {Madrid}, 
year = {2010}, 
abstract = {}, 
keywords = {curso-lengua; ortografia; writing; }}

@Book{Martinez-de-Sousa2014Ortografia-y-or,
author = {Martínez de Sousa, José}, 
title = {Ortografía y ortotipografía del español actual: (OOTEA 3)}, 
volume = {}, 
pages = {}, 
editor = {}, 
publisher = {Trea}, 
address = {Gijón, Asturias}, 
year = {2014}, 
abstract = {}, 
keywords = {curso-lengua}}

@Book{Montolio-Duran2014Manual-de-escri,
author = {Montolío Durán, Estrella}, 
title = {Manual de escritura académica y profesional}, 
volume = {}, 
pages = {}, 
editor = {}, 
publisher = {Ariel}, 
address = {Barcelona}, 
year = {2014}, 
abstract = {}, 
keywords = {curso-lengua}}

@Book{Gomez-Torrego2004Nuevo-manual-de,
author = {Gómez Torrego, Leonardo}, 
title = {Nuevo manual de español correcto}, 
volume = {}, 
pages = {}, 
editor = {}, 
publisher = {Arco Libros}, 
address = {Madrid}, 
year = {2004}, 
abstract = {}, 
keywords = {curso-lengua}}

@InBook{Bosque2004Combinatoria-y-signi,
author = {Bosque, Ignacio}, 
title = {Combinatoria y significación. Algunas reflexiones}, 
booktitle = {REDES. Diccionario combinatorio del español contemporáneo}, 
editor = {}, 
publisher = {SM}, 
address = {Madrid}, 
pages = {lxxvii-clxxi}, 
year = {2004}, 
abstract = {}, 
keywords = {Lexical Semantics; Manuals; Dictionary; curso-lengua}}

@Book{RAE-ASALE2009Nueva-Gramatica-de-l,
author = {RAE-ASALE}, 
title = {Nueva gramática de la lengua española}, 
volume = {}, 
pages = {}, 
editor = {}, 
publisher = {Espasa-RAE}, 
address = {Madrid}, 
year = {2009}, 
abstract = {}, 
keywords = {curso-lengua; curso-sintaxis; Grammar; Spanish language; }}

@Book{2010Nueva-gramatica-de-l,
author = {RAE-ASALE}, 
title = {Nueva gramática de la lengua española: manual}, 
volume = {}, 
pages = {}, 
editor = {}, 
publisher = {Espasa-RAE}, 
address = {Madrid}, 
year = {2010}, 
abstract = {}, 
keywords = {Grammar; Spanish language; curso-lengua; curso-sintaxis; }}

@Book{Torrens-Alvarez2007Evolucion-e-historia,
author = {Torrens Álvarez, María Jesús}, 
title = {Evolución e historia de la lengua española}, 
volume = {}, 
pages = {}, 
editor = {}, 
publisher = {Arco Libros}, 
address = {Madrid}, 
year = {2007}, 
abstract = {}, 
keywords = {History; Spanish language; historical linguistics; Manuals; curso-lengua}}

@Book{Hualde2010Introduccion-a-,
author = {Hualde, José Ignacio and Olarrea, Antxon and Escobar, Ana María and Travis, Catherine E.}, 
title = {Introducción a la lingüística hispánica}, 
volume = {}, 
pages = {}, 
editor = {}, 
publisher = {Cambridge University Press}, 
address = {Cambridge, UK; New York}, 
year = {2010}, 
abstract = {}, 
keywords = {Spanish language; curso-lengua; }}

@Book{Rodriguez-Ramalle2015Las-relaciones-,
author = {Rodríguez Ramalle, Teresa M.}, 
title = {Las relaciones sintácticas}, 
volume = {}, 
pages = {}, 
editor = {}, 
publisher = {Síntesis}, 
address = {Madrid}, 
year = {2015}, 
abstract = {}, 
keywords = {curso-lengua}}

@Book{Gutierrez-Ordonez1989Introduccion-a-,
author = {Gutiérrez Ordóñez, Salvador}, 
title = {Introducción a la semántica funcional}, 
volume = {}, 
pages = {}, 
editor = {}, 
publisher = {Síntesis}, 
address = {Madrid}, 
year = {1989}, 
abstract = {}, 
keywords = {curso-lengua; lexical semantics; }}

@Book{Teso-Martin2002Compendio-y-eje,
author = {del Teso Martín, Enrique}, 
title = {Compendio y ejercicios de semántica}, 
volume = {}, 
pages = {}, 
editor = {}, 
publisher = {Arco}, 
address = {Madrid}, 
year = {2002}, 
abstract = {}, 
keywords = {curso-lengua; semantics}}


@Book{Lopez-Alonso2014Analisis-del-di,
author = {López Alonso, Covadonga}, 
title = {Análisis del discurso}, 
volume = {}, 
pages = {}, 
editor = {}, 
publisher = {Síntesis}, 
address = {Madrid}, 
year = {2014}, 
abstract = {}, 
keywords = {curso-lengua}}

@Book{Gil-Fernandez2007Fonetica-para-p,
author = {Gil Fernández, Juana}, 
title = {Fonética para profesores de español}, 
volume = {}, 
pages = {}, 
editor = {}, 
publisher = {Arco/Libros}, 
address = {Madrid}, 
year = {2007}, 
abstract = {}, 
keywords = {curso-lengua; Phonetics; Phonology}}

@Book{Hualde2014Los-sonidos-del,
author = {Hualde, José Ignacio}, 
title = {Los sonidos del español}, 
volume = {}, 
pages = {}, 
editor = {}, 
publisher = {Cambridge University Press}, 
address = {Cambridge; New York}, 
year = {2014}, 
abstract = {}, 
keywords = {Phonetics; Spanish language; curso-lengua; }}

@Article{Ramos-Alfajarin2013Norma-y-variaci,
author = {Ramos Alfajarín, Joan-Rafael}, 
title = {Norma y variación lingüística: paralelismos y divergencias entre el español y el catalán}, 
journal = {Normas: revista de estudios lingüísticos hispánicos}, 
volume = {3}, 
number = {}, 
pages = {127–160}, 
year = {2013}, 
abstract = {}, 
location = {}, 
keywords = {Social and Linguistics Variables; curso-lengua; sociolingüística; sociolinguistics; }}


@Article{De-la-Calle2018El-conocimiento,
author = {De la Calle, Ana María and Guzmán-Simón, Fernando and García-Jiménez, Eduardo}, 
title = {El conocimiento de las grafías y la secuencia de aprendizaje de los grafemas en español: precursores de la lectura temprana}, 
journal = {Revista de Psicodidáctica}, 
volume = {23}, 
number = {2}, 
pages = {128–136}, 
year = {2018}, 
abstract = {}, 
location = {}, 
keywords = {curso-lengua}}


@Book{Camacho2018Introduccion,
author = {Camacho, José}, 
title = {Introducción a la sintaxis del español}, 
volume = {}, 
pages = {}, 
editor = {}, 
publisher = {Cambridge University Press}, 
address = {New York}, 
year = {2018}, 
abstract = {}, 
keywords = {Spanish language; Syntax; curso-lengua; curso-sintaxis; manuals; }}

@InBook{Mendivil-Giro2010Por-debajo-de-l,
author = {Mendívil-Giró, José-Luis}, 
title = {La sintaxis como interfaz y la naturaleza del léxico.}, 
booktitle = {La gramática del sentido: léxico y sintaxis en la encrucijada Por debajo de la palabra, silencio}, 
editor = {Val Álvaro, J. F and Horno Chéliz, María del Carmen}, 
publisher = {Prensas Universitarias de Zaragoza}, 
address = {Zaragoza}, 
pages = {181-224}, 
year = {2010}, 
abstract = {}, 
keywords = {morphology; Interfaces; curso-lengua; }}

@Book{Pustejovsky1995The-generative-,
author = {Pustejovsky, James}, 
title = {The generative lexicon}, 
volume = {}, 
pages = {}, 
editor = {}, 
publisher = {MIT Press}, 
address = {Cambridge, Mass}, 
year = {1995}, 
abstract = {}, 
keywords = {lexical semantics; Generative grammar; curso-lengua; Semantics; Computational linguistics; }}

@Article{Bosque1982Sobre-la-teoria,
author = {Bosque, Ignacio}, 
title = {Sobre la teoría de la definición lexicográfica}, 
journal = {Verba: Anuario galego de filoloxia}, 
volume = {9}, 
number = {}, 
pages = {}, 
year = {1982}, 
abstract = {}, 
location = {}, 
keywords = {lexical semantics; Lexicology; curso-lengua; }}


@Book{Pustejovsky2019The-Lexicon,
author = {Pustejovsky, James and Batiukova, Olga}, 
title = {The Lexicon}, 
volume = {}, 
pages = {}, 
editor = {}, 
publisher = {Cambridge University Press}, 
address = {Cambridge}, 
year = {2019}, 
abstract = {What is the lexicon, what does it contain, and how is it structured? What principles determine the functioning of the lexicon as a component of natural language grammar? What role does lexical information play in linguistic theory? This accessible introduction aims to answer these questions, and explores the relation of the lexicon to grammar as a whole. It includes a critical overview of major theoretical frameworks, and puts forward a unified treatment of lexical structure and design. The text can be used for introductory and advanced courses, and for courses that touch upon different aspects of the lexicon, such as lexical semantics, lexicography, syntax, general linguistics, computational lexicology and ontology design. The book provides students with a set of tools which will enable them to work with lexical data for all kinds of purposes, including an abundance of exercises and in-class activities designed to ensure that students are actively engaged with the content and effectively acquire the necessary knowledge and skills they need.}, 
keywords = {lexical semantics; Lexicography; Lexicology; Lexicon; curso-lengua}}

@InBook{Bosque2012Competencia,
author = {Bosque, Ignacio}, 
title = {La competencia gramatical}, 
booktitle = {Filosofía del lenguaje I. Semántica}, 
editor = {Acero, Juan José}, 
publisher = {Trotta}, 
address = {México}, 
pages = {27-56}, 
year = {2012}, 
abstract = {}, 
keywords = {linguistics; cognition; syntax; cognitive science; curso-lengua; curso-sintaxis}}

@Article{RAE-ASALE2020INFORME-DE-LA-R,
author = {RAE-ASALE}, 
title = {INFORME DE LA REAL ACADEMIA ESPAÑOLA sobre el uso del lenguaje inclusivo en la Constitución Española, elaborado a petición de la Vicepresidenta del Gobierno}, 
journal = {Boletín de Información Lingüística de la Real Academia Española}, 
volume = {14}, 
number = {0}, 
pages = {5–207}, 
year = {2020}, 
abstract = {}, 
location = {}, 
keywords = {Inclusiveness; gender; curso-lengua; prescriptive; RAE}}


@Book{RAE-ASALE2020Glosario-de-Ter,
author = {RAE-ASALE}, 
title = {Glosario de Términos Gramaticales}, 
volume = {}, 
pages = {}, 
editor = {}, 
publisher = {Ediciones Universidad de Salamanca}, 
address = {}, 
year = {2020}, 
abstract = {}, 
keywords = {Grammar; prescriptive; RAE; Education; curso-lengua; curso-sintaxis; }}

@Article{Moreno-Fernandez2019Dialect,
author = {Moreno-Fernández, Francisco and Dumitrescu, Domnita}, 
title = {Dialect variation as reflected in the Diccionario de la lengua española: ideological and pedagogical implications}, 
journal = {Journal of Spanish Language Teaching}, 
volume = {6}, 
number = {2}, 
pages = {232–248}, 
year = {2019}, 
abstract = {}, 
location = {}, 
keywords = {curso-lengua; Dictionary; Lexicography; Linguistics; Variation; sociolinguistics}}


@Book{Elvira2009Evolucion-lingv,
author = {Elvira, Javier}, 
title = {Evolución lingüística y cambio sintáctico}, 
volume = {}, 
pages = {}, 
editor = {}, 
publisher = {Peter Lang}, 
address = {Bern}, 
year = {2009}, 
abstract = {}, 
keywords = {curso-lengua; Historical linguistics}}

@Book{Elvira2015Linguistica-hit,
author = {Elvira, Javier}, 
title = {Lingüística histórica y cambio gramatical}, 
volume = {}, 
pages = {}, 
editor = {}, 
publisher = {Síntesis}, 
address = {Madrid}, 
year = {2015}, 
abstract = {}, 
keywords = {curso-lengua; manuals; Historical linguistics}}

@Book{Garcia-Murga2014Semantics,
author = {García Murga, Fernando}, 
title = {Semántica}, 
volume = {}, 
pages = {}, 
editor = {}, 
publisher = {Síntesis}, 
address = {Madrid}, 
year = {2014}, 
abstract = {}, 
keywords = {curso-lengua; Semantics; Manuals; }}

@Book{Fabregas2013La-morfologia,
author = {Fábregas, Antonio}, 
title = {La morfología: el análisis de la palabra compleja}, 
volume = {}, 
pages = {}, 
editor = {}, 
publisher = {Síntesis}, 
address = {Madrid}, 
year = {2013}, 
abstract = {}, 
keywords = {curso-lengua; Morphology; }}

@InBook{Villa-Garcia2018La-linguistica,
author = {Villa-García, Julio and Sánchez-Llana, Hugo}, 
title = {La lingüística formal y la clase de L2: en pos de aunar teoría y práctica}, 
booktitle = {Actas de las XI Jornadas Didácticas de ELE}, 
editor = {}, 
publisher = {Departamento de Comunicación Digital, Instituto Cervantes}, 
address = {Spain}, 
pages = {}, 
year = {2018}, 
abstract = {}, 
keywords = {curso-lengua; educación; }}

@Book{Munoz-Basols2018Guia,
author = {Muñoz-Basols, Javier and Lacorte, Manel}, 
title = {Lingüística hispánica actual: guía didáctica y materiales de apoyo}, 
volume = {}, 
pages = {}, 
editor = {}, 
publisher = {Routledge}, 
address = {Londres}, 
year = {2018}, 
abstract = {}, 
keywords = {curso-lengua; Manuals; Hispanic Linguistics}}

